<record><leader>00000cas a2200000 a 4500</leader><controlfield tag="001">16993037</controlfield><controlfield tag="008">871117d19271964wauwr ne      0    0eng d</controlfield><datafield ind1=" " ind2=" " tag="010"><subfield code="a">sn 87093019 </subfield></datafield><datafield ind1=" " ind2=" " tag="040"><subfield code="a">SLZ</subfield><subfield code="b">eng</subfield><subfield code="c">SLZ</subfield><subfield code="d">OCL</subfield><subfield code="d">OCLCQ</subfield><subfield code="d">OCLCF</subfield><subfield code="d">OCLCO</subfield></datafield><datafield ind1="1" ind2=" " tag="029"><subfield code="a">AU@</subfield><subfield code="b">000022177057</subfield></datafield><datafield ind1=" " ind2=" " tag="042"><subfield code="a">msc</subfield></datafield><datafield ind1=" " ind2=" " tag="043"><subfield code="a">n-us-wa</subfield></datafield><datafield ind1="0" ind2=" " tag="130"><subfield code="a">Clarkston herald (Clarkston, Wash. : 1927)</subfield></datafield><datafield ind1="1" ind2="0" tag="245"><subfield code="a">Clarkston herald.</subfield></datafield><datafield ind1=" " ind2=" " tag="260"><subfield code="a">Clarkston, Wash. :</subfield><subfield code="b">D.L. Moody</subfield></datafield><datafield ind1=" " ind2=" " tag="300"><subfield code="a">v.</subfield></datafield><datafield ind1=" " ind2=" " tag="310"><subfield code="a">Weekly</subfield></datafield><datafield ind1="1" ind2=" " tag="362"><subfield code="a">Began in 1927?</subfield></datafield><datafield ind1="0" ind2=" " tag="362"><subfield code="a">-Nov. 12, 1964.</subfield></datafield><datafield ind1=" " ind2=" " tag="588"><subfield code="a">Description based on: Jan. 3, 1963.</subfield></datafield><datafield ind1=" " ind2="0" tag="651"><subfield code="a">Clarkston (Wash.)</subfield><subfield code="v">Newspapers.</subfield></datafield><datafield ind1=" " ind2="7" tag="655"><subfield code="a">Newspapers.</subfield><subfield code="2">fast</subfield><subfield code="0">(OCoLC)fst01423814</subfield></datafield><datafield ind1=" " ind2="7" tag="651"><subfield code="a">Washington (State)</subfield><subfield code="z">Clarkston.</subfield><subfield code="2">fast</subfield><subfield code="0">(OCoLC)fst01223689</subfield></datafield><datafield ind1=" " ind2=" " tag="752"><subfield code="a">United States</subfield><subfield code="b">Washington</subfield><subfield code="c">Asotin</subfield><subfield code="d">Clarkston.</subfield></datafield><datafield ind1="0" ind2="0" tag="780"><subfield code="t">Clarkston republic</subfield><subfield code="w">(DLC)sn 88085703</subfield></datafield><datafield ind1="0" ind2="0" tag="785"><subfield code="t">Valley herald news (Clarkston, Wash. : 1964)</subfield><subfield code="w">(DLC)sn 87093018</subfield></datafield></record>